@book{tbook,
    author    = "R. C. Hibbeler, Kai Benh Yap",
    title     = "Mechanics for Engineers: Statics",
    publisher = "Pearson",
    %volume   = "",
    %number   = "",
    %series   = "",
    %address  = "",
    edition  = "13",
    year      = "2012",
    %month    = "",
    %note     = "",
}